@inproceedings{liang2018enhancing,
  title={Enhancing the reliability of out-of-distribution image detection in neural networks},
  author={Liang, Shiyu and Li, Yixuan and Srikant, R},
  booktitle={6th International Conference on Learning Representations, ICLR 2018},
  year={2018}
}

@article{zhao2019pyod,
  author  = {Zhao, Yue and Nasrullah, Zain and Li, Zheng},
  title   = {PyOD: A Python Toolbox for Scalable Outlier Detection},
  journal = {Journal of Machine Learning Research},
  year    = {2019},
  volume  = {20},
  number  = {96},
  pages   = {1-7}
}

@article{prochaska2021deep,
  title={Deep Learning of Sea Surface Temperature Patterns to Identify Ocean Extremes},
  author={Prochaska, J Xavier and Cornillon, Peter C and Reiman, David M},
  journal={Remote Sensing},
  volume={13},
  number={4},
  pages={744},
  year={2021},
  publisher={Multidisciplinary Digital Publishing Institute}
}

@article{touati2020anomaly,
  title={Anomaly feature learning for unsupervised change detection in heterogeneous images: A deep sparse residual model},
  author={Touati, Redha and Mignotte, Max and Dahmane, Mohamed},
  journal={IEEE Journal of Selected Topics in Applied Earth Observations and Remote Sensing},
  volume={13},
  pages={588--600},
  year={2020},
  publisher={IEEE}
}

@article{alvera2012outlier,
  title={Outlier detection in satellite data using spatial coherence},
  author={Alvera-Azc{\'a}rate, Aida and Sirjacobs, Damien and Barth, Alexander and Beckers, J-M},
  journal={Remote Sensing of Environment},
  volume={119},
  pages={84--91},
  year={2012},
  publisher={Elsevier}
}

@article{liu2017unsupervised,
  title={Unsupervised detection of contextual anomaly in remotely sensed data},
  author={Liu, Qi and Klucik, Rudy and Chen, Chao and Grant, Glenn and Gallaher, David and Lv, Qin and Shang, Li},
  journal={Remote Sensing of Environment},
  volume={202},
  pages={75--87},
  year={2017},
  publisher={Elsevier}
}

@article{zhou2016novel,
  title={A novel cluster kernel RX algorithm for anomaly and change detection using hyperspectral images},
  author={Zhou, Jin and Kwan, Chiman and Ayhan, Bulent and Eismann, Michael T},
  journal={IEEE Transactions on Geoscience and Remote Sensing},
  volume={54},
  number={11},
  pages={6497--6504},
  year={2016},
  publisher={IEEE}
}

@article{chang2002anomaly,
  title={Anomaly detection and classification for hyperspectral imagery},
  author={Chang, Chein-I and Chiang, Shao-Shan},
  journal={IEEE transactions on geoscience and remote sensing},
  volume={40},
  number={6},
  pages={1314--1325},
  year={2002},
  publisher={IEEE}
}

@article{lochner2021astronomaly,
  title={Astronomaly: Personalised active anomaly detection in astronomical data},
  author={Lochner, Michelle and Bassett, Bruce A},
  journal={Astronomy and Computing},
  pages={100481},
  year={2021},
  publisher={Elsevier}
}

@article{hayat2021self,
  title={Self-supervised Representation Learning for Astronomical Images},
  author={Hayat, Md Abul and Stein, George and Harrington, Peter and Luki{\'c}, Zarija and Mustafa, Mustafa},
  journal={The Astrophysical Journal Letters},
  volume={911},
  number={2},
  pages={L33},
  year={2021},
  publisher={IOP Publishing}
}

@article{storey2020anomaly,
  title={Anomaly Detection in Astronomical Images with Generative Adversarial Networks},
  author={Storey-Fisher, Kate and Huertas-Company, Marc and Ramachandra, Nesar and Lanusse, Francois and Leauthaud, Alexie and Luo, Yifei and Huang, Song},
  journal={arXiv preprint arXiv:2012.08082},
  year={2020}
}

@article{xiong2010anomaly,
  title={Anomaly detection for astronomical data},
  author={Xiong, Liang and Poczos, Barnabas and Connolly, Andrew and Schneider, Jeff},
  year={2010},
  publisher={Carnegie Mellon University}
}

@article{markou2003novelty2,
  title={Novelty detection: a review—part 2:: neural network based approaches},
  author={Markou, Markos and Singh, Sameer},
  journal={Signal Processing},
  volume={83},
  number={12},
  pages={2499--2521},
  year={2003},
  publisher={Elsevier}
}

@article{markou2003novelty,
  title={Novelty detection: a review—part 1: statistical approaches},
  author={Markou, Markos and Singh, Sameer},
  journal={Signal Processing},
  volume={83},
  number={12},
  pages={2481--2497},
  year={2003},
  publisher={Elsevier}
}

@article{pimentel2014review,
  title={A review of novelty detection},
  author={Pimentel, Marco AF and Clifton, David A and Clifton, Lei and Tarassenko, Lionel},
  journal={Signal Processing},
  volume={99},
  pages={215--249},
  year={2014},
  publisher={Elsevier}
}

@inproceedings{scholkopf1999support,
  title={Support vector method for novelty detection},
  author={Sch{\"o}lkopf, Bernhard and Williamson, Robert C and Smola, Alexander J and Shawe-Taylor, John and Platt, John C and others},
  booktitle={Neural Information Processing Systems},
  volume={12},
  pages={582--588},
  year={1999},
  organization={Citeseer}
}

@article{chandola2009anomaly,
  title={Anomaly detection: A survey},
  author={Chandola, Varun and Banerjee, Arindam and Kumar, Vipin},
  journal={ACM Computing Surveys (CSUR)},
  volume={41},
  number={3},
  pages={1--58},
  year={2009},
  publisher={ACM New York, NY, USA}
}

@inproceedings{breunig2000lof,
  title={LOF: identifying density-based local outliers},
  author={Breunig, Markus M and Kriegel, Hans-Peter and Ng, Raymond T and Sander, J{\"o}rg},
  booktitle={Proceedings of the 2000 ACM SIGMOD International Conference on Management of Data},
  pages={93--104},
  year={2000}
}

@inproceedings{akcay2018ganomaly,
  title={Ganomaly: Semi-supervised anomaly detection via adversarial training},
  author={Akcay, Samet and Atapour-Abarghouei, Amir and Breckon, Toby P},
  booktitle={Asian Conference on Computer Vision},
  pages={622--637},
  year={2018},
  organization={Springer}
}

@article{park2018multimodal,
  title={A multimodal anomaly detector for robot-assisted feeding using an lstm-based variational autoencoder},
  author={Park, Daehyung and Hoshi, Yuuna and Kemp, Charles C},
  journal={IEEE Robotics and Automation Letters},
  volume={3},
  number={3},
  pages={1544--1551},
  year={2018},
  publisher={IEEE}
}

@article{jablonski2015principal,
  title={Principal component reconstruction error for hyperspectral anomaly detection},
  author={Jablonski, James A and Bihl, Trevor J and Bauer, Kenneth W},
  journal={IEEE Geoscience and Remote Sensing Letters},
  volume={12},
  number={8},
  pages={1725--1729},
  year={2015},
  publisher={IEEE}
}

@inproceedings{richter2017safe,
  title={Safe visual navigation via deep learning and novelty detection},
  author={Richter, Charles and Roy, Nicholas},
  year={2017},
  booktitle={Robotics: Science and Systems}
}

@article{kerner2020analysis,
  title={Analysis of active neutron measurements from the mars science laboratory dynamic albedo of neutrons instrument: Intrinsic variability, outliers, and implications for future investigations},
  author={Kerner, HR and Hardgrove, CJ and Czarnecki, S and Gabriel, TSJ and Mitrofanov, IG and Litvak, ML and Sanin, AB and Lisov, DI},
  journal={Journal of Geophysical Research: Planets},
  volume={125},
  number={5},
  pages={e2019JE006264},
  year={2020},
  publisher={Wiley Online Library}
}

@article{bohm2020probabilistic,
  title={Probabilistic auto-encoder},
  author={B{\"o}hm, Vanessa and Seljak, Uro{\v{s}}},
  journal={arXiv preprint arXiv:2006.05479},
  year={2020}
}

@inproceedings{liu2008isolation,
  title={Isolation forest},
  author={Liu, Fei Tony and Ting, Kai Ming and Zhou, Zhi-Hua},
  booktitle={2008 8th IEEE International Conference on Data Mining},
  pages={413--422},
  year={2008},
  organization={IEEE}
}

@article{molero2013analysis,
  title={Analysis and optimizations of global and local versions of the RX algorithm for anomaly detection in hyperspectral data},
  author={Molero, Jos{\'e} Manuel and Garzon, Ester M and Garcia, Inmaculada and Plaza, Antonio},
  journal={IEEE Journal of Selected Topics in Applied Earth Observations and Remote Sensing},
  volume={6},
  number={2},
  pages={801--814},
  year={2013},
  publisher={IEEE}
}

@article{reed1990adaptive,
  title={Adaptive multiple-band CFAR detection of an optical pattern with unknown spectral distribution},
  author={Reed, Irving S and Yu, Xiaoli},
  journal={IEEE Transactions on Acoustics, Speech, and Signal Processing},
  volume={38},
  number={10},
  pages={1760--1770},
  year={1990},
  publisher={IEEE}
}

@article{campos2016evaluation,
  title={On the evaluation of unsupervised outlier detection: measures, datasets, and an empirical study},
  author={Campos, Guilherme O and Zimek, Arthur and Sander, J{\"o}rg and Campello, Ricardo JGB and Micenkov{\'a}, Barbora and Schubert, Erich and Assent, Ira and Houle, Michael E},
  journal={Data Mining and Knowledge Discovery},
  volume={30},
  number={4},
  pages={891--927},
  year={2016},
  publisher={Springer}
}

@InProceedings{wagstaff:demud13,
  author =       {Kiri L.~Wagstaff and Nina L.~Lanza and David R.~Thompson and Thomas G.~Dietterich and Martha S.~Gilmore},
  title =        {Guiding Scientific Discovery with Explanations using {DEMUD} },
  booktitle = {Proceedings of the Twenty-Seventh Conference on Artificial Intelligence},
  pages =     {905--911},
  year =      {2013},
}

@Article{burl:rockster16,
  author =       {Michael C. Burl and David R. Thompson and Charles deGranville and Benjamin J. Bornstein},
  title =        {Rockster: Onboard rock segmentation through edge regrouping},
  journal =      {Journal of Aerospace Information Systems},
  year =         {2016},
  volume =    {13},
  pages =     {329--342},
}

@article{zhao:pyod19,
  author  = {Zhao, Yue and Nasrullah, Zain and Li, Zheng},
  title   = {PyOD: A Python toolbox for scalable outlier detection},
  journal = {Journal of Machine Learning Research},
  year    = {2019},
  volume  = {20},
  number  = {96},
  pages   = {1-7}
}

@article{kerner2020comparison,
  title={Comparison of novelty detection methods for multispectral images in rover-based planetary exploration missions},
  author={Kerner, Hannah R and Wagstaff, Kiri L and Bue, Brian D and Wellington, Danika F and Jacob, Samantha and Horton, Paul and Bell, James F and Kwan, Chiman and Amor, Heni Ben},
  journal={Data Mining and Knowledge Discovery},
  volume={34},
  number={6},
  pages={1642--1675},
  year={2020},
  publisher={Springer}
}

@InProceedings{wagstaff:des-anom20,
  author =       {Kiri L. Wagstaff and Eric Huff and Umaa Rebbapragada},
  title =        {Machine-assisted discovery through identification and explanation of anomalies in astronomical surveys}, 
  booktitle = {Proceedings of the Astronomical Data Analysis Software and Systems Conference},
  year =      {2020},
  OPTpages =     {},
}

@InProceedings{wagstaff:rover-novelty20,
  author =       {Kiri L. Wagstaff and Raymond Francis and Hannah Kerner and Steven Lu and Favour Nerrise and James F. Bell III and Gary Doran and Umaa Rebbapragada},
  title =        {Novelty-driven onboard targeting for Mars rovers},
  booktitle = {Proceedings of the International Symposium on Artificial Intelligence, Robotics and Automation in Space},
  year =      {2020},
}

@inproceedings{tseng2021learning,
  title={Learning To Predict Crop Type From Heterogeneous Sparse Labels Using Meta-Learning},
  author={Tseng, Gabriel and Kerner, Hannah and Nakalembe, Catherine and Becker-Reshef, Inbal},
  booktitle={Proceedings of the IEEE/CVF Conference on Computer Vision and Pattern Recognition},
  pages={1111--1120},
  year={2021}
}


@InProceedings{sipple:neg-sampling20,
  title = {Interpretable, Multidimensional, Multimodal Anomaly Detection with Negative Sampling for Detection of Device Failure},
  author = {Sipple, John},
  booktitle = {Proceedings of the 37th International Conference on Machine Learning},
  pages = {9016--9025},
  year = {2020},
  volume = {119},
  month = {13--18 Jul},
}

@article{zuntz2018dark,
  title={Dark Energy Survey Year 1 results: weak lensing shape catalogues},
  author={Zuntz, Joe and Sheldon, Erin and Samuroff, S and Troxel, M A and Jarvis, M and MacCrann, N and Gruen, D and Prat, J and S{\'a}nchez, C and Choi, A and others},
  journal={Monthly Notices of the Royal Astronomical Society},
  volume={481},
  number={1},
  pages={1149--1182},
  year={2018},
  publisher={Oxford University Press}
}

@Article{lupton99,
  author = 	 {Lupton, R. H. and Gunn, J. E. and Szalay, A. S.},
  title = 	 {A modified magnitude system that produces well-behaved magnitudes, colors, and errors even for low signal-to-noise ratio measurements},
  journal = 	 {Astronomical Journal},
  year = 	 {1999},
  volume = 	 {118},
  number = 	 {3},
  pages = 	 {1406--1410},
}