@InProceedings{wagstaff:demud13,
  author =       {Kiri L.~Wagstaff and Nina L.~Lanza and David R.~Thompson and Thomas G.~Dietterich and Martha S.~Gilmore},
  title =        {Guiding Scientific Discovery with Explanations using {DEMUD} },
  booktitle = {Proceedings of the Twenty-Seventh Conference on Artificial Intelligence},
  pages =     {905--911},
  year =      {2013},
}

@Article{burl:rockster16,
  author =       {Michael C. Burl and David R. Thompson and Charles deGranville and Benjamin J. Bornstein},
  title =        {Rockster: Onboard rock segmentation through edge regrouping},
  journal =      {Journal of Aerospace Information Systems},
  year =         {2016},
  volume =    {13},
  pages =     {329--342},
}

@article{zhao:pyod19,
  author  = {Zhao, Yue and Nasrullah, Zain and Li, Zheng},
  title   = {PyOD: A Python toolbox for scalable outlier detection},
  journal = {Journal of Machine Learning Research},
  year    = {2019},
  volume  = {20},
  number  = {96},
  pages   = {1-7},
  url     = {http://jmlr.org/papers/v20/19-011.html}
}

@article{kerner2020comparison,
  title={Comparison of novelty detection methods for multispectral images in rover-based planetary exploration missions},
  author={Kerner, Hannah R and Wagstaff, Kiri L and Bue, Brian D and Wellington, Danika F and Jacob, Samantha and Horton, Paul and Bell, James F and Kwan, Chiman and Amor, Heni Ben},
  journal={Data Mining and Knowledge Discovery},
  volume={34},
  number={6},
  pages={1642--1675},
  year={2020},
  publisher={Springer}
}

@InProceedings{wagstaff:des-anom20,
  author =       {Kiri L. Wagstaff and Eric Huff and Umaa Rebbapragada},
  title =        {Machine-assisted discovery through identification and explanation of anomalies in astronomical surveys}, 
  booktitle = {Proceedings of the Astronomical Data Analysis Software and Systems Conference},
  year =      {2020},
  OPTpages =     {},
}

@InProceedings{wagstaff:rover-novelty20,
  author =       {Kiri L. Wagstaff and Raymond Francis and Hannah Kerner and Steven Lu and Favour Nerrise and James F. Bell III and Gary Doran and Umaa Rebbapragada},
  title =        {Novelty-driven onboard targeting for Mars rovers},
  booktitle = {Proceedings of the International Symposium on Artificial Intelligence, Robotics and Automation in Space},
  year =      {2020},
}

@inproceedings{tseng2021learning,
  title={Learning To Predict Crop Type From Heterogeneous Sparse Labels Using Meta-Learning},
  author={Tseng, Gabriel and Kerner, Hannah and Nakalembe, Catherine and Becker-Reshef, Inbal},
  booktitle={Proceedings of the IEEE/CVF Conference on Computer Vision and Pattern Recognition},
  pages={1111--1120},
  year={2021}
}

@Misc{planetdata,
  author =    "Planet Team",
  organization = {Planet},
  title =     {Planet Application Program Interface: In Space for Life on Earth},
  year =      {2018--},
  url = "https://api.planet.com"
}